!CUST	NAME
CUST	"Contoso, Inc."
!TRNS	DOCNUM	TRNSID	TRNSTYPE	DATE	ACCNT	NAME	CLASS	AMOUNT	PAYMETH	TOPRINT	DUEDATE	TERMS	MEMO
!SPL	DOCNUM	SPLID	TRNSTYPE	DATE	ACCNT	NAME	CLASS	AMOUNT	PAYMETH	MEMO
!ENDTRNS	
TRNS	""	""	"PAYMENT"	"1/6/2014"	"Undeposited Funds"	"Contoso, Inc."	""	3468.00	"Check"		""	""	"Check #8675309"
SPL	""	""	"PAYMENT"	"1/6/2014"	"Accounts Receivable"	"Contoso, Inc."	""	-3468.00	"Check"	"Check #8675309"
ENDTRNS	
