!CUST	NAME
CUST	"Contoso, Inc."
!TRNS	DOCNUM	TRNSID	TRNSTYPE	DATE	ACCNT	NAME	CLASS	AMOUNT	PAYMETH	TOPRINT	DUEDATE	TERMS	MEMO
!SPL	DOCNUM	SPLID	TRNSTYPE	DATE	ACCNT	NAME	CLASS	AMOUNT	PAYMETH	MEMO
!ENDTRNS	
TRNS	"INV-893"	""	"GENERAL JOURNAL"	"1/6/2014"	"Accounts Receivable"	"Contoso, Inc."	""	3468.00	""		""	""	"Invoice:893"
SPL	"INV-893"	""	"GENERAL JOURNAL"	"1/6/2014"	"Sales Income:Sales - Consulting"	"Contoso, Inc."	"Contractor:Bob"	-1608.00	""	"Consulting:Team member: Bob Dole Location: Contoso HQ, On-site work by a member of the RedBottle staff."
SPL	"INV-893"	""	"GENERAL JOURNAL"	"1/6/2014"	"Sales Income:Sales - Consulting"	"Contoso, Inc."	"Contractor:Jim"	-1860.00	""	"Consulting:Team member: Jim Daniels Location: Contoso, HQ, On-site work by a member of the RedBottle staff."
ENDTRNS	
