!VEND	NAME
VEND	"Contoso, Inc."
!TRNS	DOCNUM	TRNSID	TRNSTYPE	DATE	ACCNT	NAME	CLASS	AMOUNT	PAYMETH	TOPRINT	DUEDATE	TERMS	MEMO
!SPL	DOCNUM	SPLID	TRNSTYPE	DATE	ACCNT	NAME	CLASS	AMOUNT	PAYMETH	MEMO
!ENDTRNS	
TRNS	""	""	"CHECK"	"1/6/2014"	"Checking Account"	"Contoso, Inc."	""	-3468.00	""	Y	""	""	"Payment for Invoice #8675309"
SPL	""	""	"CHECK"	"1/6/2014"	"Accounts Payable"	"Contoso, Inc."	""	3468.00	""	"Payment for Invoice #8675309"
ENDTRNS	
